@Manual{isabelle-implementation,
  title =        {The Isabelle/Isar Implementation Manual},
  author =       {Makarius Wenzel},
  organization = {TU M{\"u}nchen},
  month =     {June},
  year =      {2010},
  note = {Documentation of Isabelle2009-2},
  address = {http://isabelle.in.tum.de/dist/Isabelle/doc/implementation.pdf},
}

@Manual{proof-manual,
  organization = {Praxis},
  title =        {Spark Proof Manual},
  address =   {spark-gpl-2010/docs/PDF/Proof\_Manual.pdf},
  note = {Documentation of Spark GPL 2010},
}

@InProceedings{ripemd,
  author =       {H. Dobbertin, A. Bosselaers, B. Preneel},
  title =        {RIPEMD-160, a strengthened version of RIPEMD},
  booktitle = {Fast Software Encryption},
  pages =     {71-82},
  year =      {1996},
  editor =    {D. Gollmann},
  number =    {1039},
  series =    {LNCS},
  publisher = {Springer-Verlag},
  note =      {updated and corrected version: http://www.esat.kuleuven.ac.be/\textasciitilde cosicart/pdf/AB-9601/AB-9601.pdf},
}

@InProceedings{vct,
  author =       {Paul B. Jackson, Bill J. Ellis and Kathleen Sharp},
  title =        {Using SMT Solvers to Verify High-Integrity Programs},
  booktitle = {2nd International Workshop on Automated Formal Methods},
  series = {AFM},
  month = {November},
  year = {2007},
  publisher = {ACM},
  note =      {http://homepages.inf.ed.ac.uk/pbj/papers/afm07.pdf},
}

@article{IEEE_Floating_Point-AFP,
  author  = {Lei Yu},
  title   = {A {F}ormal {M}odel of {I}{E}{E}{E} {F}loating {P}oint {A}rithmetic},
  journal = {Archive of Formal Proofs},
  month   = jul,
  year    = 2013,
  note    = {\url{http://afp.sf.net/entries/IEEE_Floating_Point.shtml},
            Formal proof development},
  ISSN    = {2150-914x},
}

@techreport{mioara,
  TITLE = {{Searching for sinks of Henon map using a multiple-precision GPU arithmetic library}},
  AUTHOR = {Joldes, Mioara and Popescu, Valentina and Tucker, Warwick},
  URL = {https://hal.archives-ouvertes.fr/hal-00957438},
  HAL_LOCAL_REFERENCE = {Rapport LAAS n{\textdegree} 14145},
  PAGES = {6p.},
  YEAR = {2013},
  MONTH = Nov,
  KEYWORDS = {floating-point arithmetic ; multiple precision library ; GPGPU computing ; error-free transform ; Henon map ; dynamical systems},
  PDF = {https://hal.archives-ouvertes.fr/hal-00957438/file/heart_research_report.pdf},
  HAL_ID = {hal-00957438},
  HAL_VERSION = {v1},
  note    = {\url{https://hal.archives-ouvertes.fr/hal-00957438}, 7 pages}
}

@article{float,
  author  = {Hölzl, Johannes and Immler, Fabian},
  title   = {Floating-Point Numbers},
  year    = 2012,
  note    = {\url{https://isabelle.in.tum.de/library/HOL/HOL-Library/Float.html}, 
    {TU M{\"u}nchen}}
}

@Book{NipkowPaulsonWenzel,
  author	= {Tobias Nipkow and Lawrence C. Paulson and Markus Wenzel},
  title		= {Isabelle/HOL --- A Proof Assistant for Higher-Order Logic},
  publisher	= {Springer},
  series	= {LNCS},
  volume	= 2283,
  year		= 2002}

@ARTICLE{IEEE,
journal={IEEE Std 754-2008},
title={I{E}{E}{E} {S}tandard for {F}loating-{P}oint {A}rithmetic},
year={2008},
pages={1-70},
keywords={IEEE standards;floating point arithmetic;programming;IEEE standard;arithmetic formats;computer programming;decimal floating-point arithmetic;754-2008;NaN;arithmetic;binary;computer;decimal;exponent;floating-point;format;interchange;number;rounding;significand;subnormal},
doi={10.1109/IEEESTD.2008.4610935},
month={Aug},}

@INPROCEEDINGS{priest,
author={D. M. Priest},
booktitle={Computer Arithmetic, 1991. Proceedings., 10th IEEE Symposium on},
title={Algorithms for arbitrary precision floating point arithmetic},
year={1991},
pages={132-143},
keywords={digital arithmetic;number theory;coordinates;floating point arithmetic;intersection point;line intersection;line segment;Algorithm design and analysis;Costs;Error analysis;Floating-point arithmetic;Hardware;High performance computing;Libraries;Mathematics;Packaging;Roundoff errors},
doi={10.1109/ARITH.1991.145549},
month={Jun},}

@Book{HFPA,
  title        = {Handbook of Floating-Point Arithmetic},
  author    = {Muller, Jean-Michel and Brisebarre, Nicolas and de Dinechin, Florent and Jeannerod, Claude-Pierre and
          Lef{\`e}vre, Vincent and Melquiond, Guillaume and Revol,
          Nathalie and Stehl{\'e}, Damien and Torres, Serge},
  publisher    = {{B}irkh\"auser {B}oston },
  pages    = {572 },
  note        = {{ACM} {G}.1.0; {G}.1.2; {G}.4; {B}.2.0; {B}.2.4; {F}.2.1.,
                  ISBN 978-0-8176-4704-9},
  year        = {2010},
}

@Article{moller,
author="M{\o}ller, Ole",
title="Quasi double-precision in floating point addition",
journal="BIT Numerical Mathematics",
volume="5",
number="1",
pages="37--50",
abstract="The loss of accuracy incurred in adding a small, accurate quantity to a larger one, using floating point addition, can be avoided by keeping account of a small correction to the sum. This is particularly valuable in machines which perform truncation, but no proper round-off, following arithmetic operations. In the first part of the article the details of the method are discussed. In the second part the effectiveness of the method is shown in an application to the step-by-step integration of ordinary differential equations.",
issn="1572-9125",
doi="10.1007/BF01975722",
url="http://dx.doi.org/10.1007/BF01975722"
}

@Article{ref1,
author="Dekker, T. J.",
title="A floating-point technique for extending the available precision",
journal="Numerische Mathematik",
volume="18",
number="3",
pages="224--242",
abstract="A technique is described for expressing multilength floating-point arithmetic in terms of singlelength floating point arithmetic, i.e. the arithmetic for an available (say: single or double precision) floating-point number system. The basic algorithms are exact addition and multiplication of two singlelength floating-point numbers, delivering the result as a doublelength floating-point number. A straight-forward application of the technique yields a set of algorithms for doublelength arithmetic which are given as ALGOL 60 procedures.",
issn="0945-3245",
doi="10.1007/BF01397083",
url="http://dx.doi.org/10.1007/BF01397083"
}


@article{Shewchuk,
author = {Jonathan Richard Shewchuk},
title = {Adaptive {P}recision {F}loating-{P}oint {A}rithmetic and {F}ast
  {R}obust {G}eometric {P}redicates},
journal = {Discrete \& Computational Geometry},
volume = 18,
number = 3,
pages = {305--363},
month = oct,
year = 1997
}

@book{coq,
  author = {Bertot, Yves and Cast\'eran, Pierre},
  title = {Interactive Theorem Proving and Program Development. Coq'Art: The Calculus of Inductive Constructions},
  year = {2004},
  publisher = {Springer},
  note = {\url{http://www.labri.fr/perso/casteran/CoqArt/index.html}}
}

@article{coqTwoSum,
  author  = {Hölzl, Johannes and Immler, Fabian},
  title   = {Floating-Point Numbers},
  year    = 2012,
  note    = {\url{http://lipforge.ens-lyon.fr/www/pff/TwoSum.html}}
}